@incollection{HuEtAl2023,
	title        = {Tools for Assembling the Cell: {{Towards}} the Era of Cell Structural Bioinformatics},
	shorttitle   = {Tools for Assembling the Cell},
	author       = {Hu, Mengzhou and Zhang, Xikun and Latham, Andrew and ?ali, Andrej and Ideker, Trey and Lundberg, Emma},
	booktitle    = {Biocomputing 2024},
	publisher    = {WORLD SCIENTIFIC},
	pages        = {661--665},
	doi          = {10.1142/9789811286421_0052},
	isbn         = 9789811286414,
	date         = {2023-10-05}
}
@online{MaxianEtAl2021a,
	title        = {Simulations of Dynamically Cross-Linked Actin Networks: Morphology, Rheology, and Hydrodynamic Interactions},
	shorttitle   = {Simulations of Dynamically Cross-Linked Actin Networks},
	author       = {Maxian, Ondrej and Peláez, Raúl P. and Mogilner, Alex and Donev, Aleksandar},
	pages        = {2021.07.07.451453},
	doi          = {10.1101/2021.07.07.451453},
	date         = {2021-12-06},
	eprinttype   = {bioRxiv},
	eprintclass  = {New Results},
	pubstate     = {prepublished}
}
@online{MooreEtAl2024,
	title        = {Subcellular Imaging of Lipids and Sugars Using Genetically Encoded Proximity Sensors},
	author       = {Moore, William M. and Brea, Roberto J. and Knittel, Caroline and Wrightsman, Ellen and Hui, Brandon and Lou, Jinchao and Ancajas, Christelle F. and Best, Michael D. and Devaraj, Neal K. and Budin, Itay},
	number       = {2024.05.01.592120},
	pages        = {2024.05.01.592120},
	doi          = {10.1101/2024.05.01.592120},
	date         = {2024-05-03},
	eprint       = {2024.05.01.592120},
	eprinttype   = {bioRxiv},
	eprintclass  = {New Results},
	pubstate     = {prepublished}
}
@article{RamakrishnanEtAl2015,
	title        = {Organelle Morphogenesis by Active Membrane Remodeling},
	author       = {Ramakrishnan, N. and Ipsen, John H. and Rao, Madan and Kumar, P. B. Sunil},
	publisher    = {The Royal Society of Chemistry},
	volume       = 11,
	number       = 12,
	pages        = {2387--2393},
	doi          = {10.1039/C4SM02311K},
	issn         = {1744-6848},
	date         = {2015-03-11},
	journaltitle = {Soft Matter}
}
@online{WinterEtAl2024,
	title        = {Phase {{Separation}} on {{Deformable Membranes}}: Interplay of Mechanical Coupling and Dynamic Surface Geometry},
	shorttitle   = {Phase {{Separation}} on {{Deformable Membranes}}},
	author       = {Winter, Antonia and Liu, Yuhao and Ziepke, Alexander and Dadunashvili, George and Frey, Erwin},
	doi          = {10.48550/arXiv.2409.16049},
	date         = {2024-09-24},
	eprint       = {2409.16049},
	eprinttype   = {arXiv},
	pubstate     = {prepublished},
}
@unpublished{WurthnerEtAl2022,
	title        = {Geometry-Induced Patterns through Mechanochemical Coupling},
	author       = {Würthner, Laeschkir and Goychuk, Andriy and Frey, Erwin},
	date         = {2022-05-05},
	eprint       = {2205.02820},
	eprinttype   = {arXiv},
	eprintclass  = {nlin},
}
@online{PedersenEtAl2024,
	title        = {The {{Martini}} 3 {{Lipidome}}: {{Expanded}} and {{Refined Parameters Improve Lipid Phase Behavior}}},
	shorttitle   = {The {{Martini}} 3 {{Lipidome}}},
	author       = {Pedersen, Kasper B. and Ingólfsson, Helgi I. and Ramirez-Echemendia, Daniel P. and Borges-Araújo, Luís and Andreasen, Mikkel D. and Empereur-mot, Charly and Melcr, Josef and Ozturk, Tugba N. and Bennett, Drew W. F. and Kjølbye, Lisbeth R. and Brasnett, Christopher and Corradi, Valentina and Khan, Hanif M. and Cino, Elio A. and Crowley, Jackson and Kim, Hyuntae and Fábián, Balázs and Borges-Araújo, Ana C. and Pavan, Giovanni M. and Lolicato, Fabio and Wassenaar, Tsjerk A. and Melo, Manuel N. and Thallmair, Sebastian and Carpenter, Timothy S. and Monticelli, Luca and Tieleman, D. Peter and Schiøtt, Birgit and Souza, Paulo C. T. and Marrink, Siewert J.},
	doi          = {10.26434/chemrxiv-2024-8bjrr},
	date         = {2024-12-26},
	% eprint		 = {10.26434/chemrxiv-2024-8bjrr},
	eprinttype   = {chemrxiv},
	pubstate     = {prepublished},
}
